@article{williams2016end,
  title={End-to-end lstm-based dialog control optimized with supervised and reinforcement learning},
  author={Williams, Jason D and Zweig, Geoffrey},
  journal={arXiv preprint arXiv:1606.01269},
  year={2016}
}

@article{wen2016network,
  title={A network-based end-to-end trainable task-oriented dialogue system},
  author={Wen, Tsung-Hsien and Vandyke, David and Mrksic, Nikola and Gasic, Milica and Rojas-Barahona, Lina M and Su, Pei-Hao and Ultes, Stefan and Young, Steve},
  journal={arXiv preprint arXiv:1604.04562},
  year={2016}
}

@article{henderson2015machine,
  title={Machine learning for dialog state tracking: A review},
  author={Henderson, Matthew},
  year={2015}
}

@inproceedings{wang2013simple,
  title={A simple and generic belief tracking mechanism for the dialog state tracking challenge: On the believability of observed information},
  author={Wang, Zhuoran and Lemon, Oliver},
  booktitle={Proceedings of the SIGDIAL 2013 Conference},
  pages={423--432},
  year={2013}
}

@article{wen2016network,
  title={A network-based end-to-end trainable task-oriented dialogue system},
  author={Wen, Tsung-Hsien and Vandyke, David and Mrksic, Nikola and Gasic, Milica and Rojas-Barahona, Lina M and Su, Pei-Hao and Ultes, Stefan and Young, Steve},
  journal={arXiv preprint arXiv:1604.04562},
  year={2016}
}

@article{wu2016sequential,
  title={Sequential matching network: A new architecture for multi-turn response selection in retrieval-based chatbots},
  author={Wu, Yu and Wu, Wei and Xing, Chen and Zhou, Ming and Li, Zhoujun},
  journal={arXiv preprint arXiv:1612.01627},
  year={2016}
}

@article{cho2014learning,
  title={Learning phrase representations using RNN encoder-decoder for statistical machine translation},
  author={Cho, Kyunghyun and Van Merri{\"e}nboer, Bart and Gulcehre, Caglar and Bahdanau, Dzmitry and Bougares, Fethi and Schwenk, Holger and Bengio, Yoshua},
  journal={arXiv preprint arXiv:1406.1078},
  year={2014}
}

@inproceedings{sutskever2014sequence,
  title={Sequence to sequence learning with neural networks},
  author={Sutskever, Ilya and Vinyals, Oriol and Le, Quoc V},
  booktitle={Advances in neural information processing systems},
  pages={3104--3112},
  year={2014}
}

@inproceedings{ritter2011data,
  title={Data-driven response generation in social media},
  author={Ritter, Alan and Cherry, Colin and Dolan, William B},
  booktitle={Proceedings of the conference on empirical methods in natural language processing},
  pages={583--593},
  year={2011},
  organization={Association for Computational Linguistics}
}

@article{shang2015neural,
  title={Neural responding machine for short-text conversation},
  author={Shang, Lifeng and Lu, Zhengdong and Li, Hang},
  journal={arXiv preprint arXiv:1503.02364},
  year={2015}
}

@article{sordoni2015neural,
  title={A neural network approach to context-sensitive generation of conversational responses},
  author={Sordoni, Alessandro and Galley, Michel and Auli, Michael and Brockett, Chris and Ji, Yangfeng and Mitchell, Margaret and Nie, Jian-Yun and Gao, Jianfeng and Dolan, Bill},
  journal={arXiv preprint arXiv:1506.06714},
  year={2015}
}

@inproceedings{serban2016building,
  title={Building end-to-end dialogue systems using generative hierarchical neural network models},
  author={Serban, Iulian V and Sordoni, Alessandro and Bengio, Yoshua and Courville, Aaron and Pineau, Joelle},
  booktitle={Thirtieth AAAI Conference on Artificial Intelligence},
  year={2016}
}

@article{bahdanau2014neural,
  title={Neural machine translation by jointly learning to align and translate},
  author={Bahdanau, Dzmitry and Cho, Kyunghyun and Bengio, Yoshua},
  journal={arXiv preprint arXiv:1409.0473},
  year={2014}
}

@article{song2016two,
  title={Two are better than one: An ensemble of retrieval-and generation-based dialog systems},
  author={Song, Yiping and Yan, Rui and Li, Xiang and Zhao, Dongyan and Zhang, Ming},
  journal={arXiv preprint arXiv:1610.07149},
  year={2016}
}

@article{quarteroni2007chatbot,
  title={A chatbot-based interactive question answering system},
  author={Quarteroni, Silvia and Manandhar, Suresh},
  journal={Decalog 2007},
  volume={83},
  year={2007}
}

@inproceedings{qiu2017alime,
  title={Alime chat: A sequence to sequence and rerank based chatbot engine},
  author={Qiu, Minghui and Li, Feng-Lin and Wang, Siyu and Gao, Xing and Chen, Yan and Zhao, Weipeng and Chen, Haiqing and Huang, Jun and Chu, Wei},
  booktitle={Proceedings of the 55th Annual Meeting of the Association for Computational Linguistics (Volume 2: Short Papers)},
  pages={498--503},
  year={2017}
}

@inproceedings{ghose2013toward,
  title={Toward the implementation of a topic specific dialogue based natural language chatbot as an undergraduate advisor},
  author={Ghose, Supratip and Barua, Jagat Joyti},
  booktitle={2013 International Conference on Informatics, Electronics and Vision (ICIEV)},
  pages={1--5},
  year={2013},
  organization={IEEE}
}

@article{li2016deep,
  title={Deep reinforcement learning for dialogue generation},
  author={Li, Jiwei and Monroe, Will and Ritter, Alan and Galley, Michel and Gao, Jianfeng and Jurafsky, Dan},
  journal={arXiv preprint arXiv:1606.01541},
  year={2016}
}

@article{wiseman2017challenges,
  title={Challenges in data-to-document generation},
  author={Wiseman, Sam and Shieber, Stuart M and Rush, Alexander M},
  journal={arXiv preprint arXiv:1707.08052},
  year={2017}
}

@inproceedings{dai2015semi,
  title={Semi-supervised sequence learning},
  author={Dai, Andrew M and Le, Quoc V},
  booktitle={Advances in neural information processing systems},
  pages={3079--3087},
  year={2015}
}

@article{galley2015deltableu,
  title={deltaBLEU: A discriminative metric for generation tasks with intrinsically diverse targets},
  author={Galley, Michel and Brockett, Chris and Sordoni, Alessandro and Ji, Yangfeng and Auli, Michael and Quirk, Chris and Mitchell, Margaret and Gao, Jianfeng and Dolan, Bill},
  journal={arXiv preprint arXiv:1506.06863},
  year={2015}
}